@Misc{lec,
howpublished = {\url{http://lovephysics.sysu.edu.cn/lib/exe/fetch.php?media=courses:modernphysicslabzhuhai:lecture-e1-2017.pdf}},
title = {E1 锁相放大器与弱信号测量实验讲义（2017级用5）第五版20190923},
author = {中山大学物理与天文学院近代物理实验教学团队}
}

@Misc{ced,
howpublished = {\url{https://github.com/Probfia/Notes/blob/master/ced/ced.pdf}},
title = {Classical Electrodynamic},
author = {Probfia}
}

@Misc{qft,
howpublished = {\url{https://github.com/Probfia/Notes/blob/master/qft/qft_slides.pdf}},
title = {Quantum Field Theory},
author = {Probfia}
}

@Misc{dtqft,
howpublished = {\url{http://www.damtp.cam.ac.uk/user/tong/qft/qft.pdf}},
title = {Quantum Field Theory},
author = {David Tong}
}

@Misc{dtem,
howpublished = {\url{http://www.damtp.cam.ac.uk/user/tong/em/electro.pdf}},
title = {Lectures on Electromagnetism},
author = {David Tong}
}

@Misc{dtsft,
howpublished = {\url{http://www.damtp.cam.ac.uk/user/tong/sft/sft.pdf}},
title = {Lectures on Statistical Field Theory},
author = {David Tong}
}

@Misc{dtsp,
howpublished = {\url{http://www.damtp.cam.ac.uk/user/tong/sp/sp.pdf}},
title = {Lectures on Statistical Physics},
author = {David Tong}
}


@Misc{dtaqm,
howpublished = {\url{http://www.damtp.cam.ac.uk/user/tong/aqm/aqm.pdf}},
title = {Lectures on Applications of Quantum Mechanics},
author = {David Tong}
}

@Misc{cosmo,
howpublished = {\url{http://www.damtp.cam.ac.uk/user/tong/cosmo/cosmo.pdf}},
title = {Cosmology},
author = {David Tong}
}

@Misc{phasebaidu,
howpublished = {\url{https://baike.baidu.com/item/相位角/3468502}},
title = {相位角},
author = {百度百科}
}

@Misc{grouptalk,
howpublished = {\url{https://github.com/Probfia/Notes/blob/master/groups/seminar_lec/talk1.pdf}},
title = {Introduction to Group Theory},
author = {Probfia}
}

@Misc{hxgtalk1,
howpublished = {\url{https://github.com/Probfia/Notes/blob/master/fdu_summer/lec/part1/X.\%20G.\%20Huang\%20Lec\%201.pdf}},
title = {Physics of quark-gluon plasma and high-energy heavy-ion collisions
},
author = {Xu-Guang Huang}
}


@Misc{quick_sp,
howpublished = {\url{https://github.com/Probfia/Notes/blob/master/quick_sp/quick_sp.pdf}},
title = {A Quick Approach to Statistic Physics}
},
author = {Probfia}
}



@Misc{dtkt,
howpublished = {\url{http://www.damtp.cam.ac.uk/user/tong/kintheory/kt.pdf}},
title = {Kinetic Theory},

author = {David Tong}
}

@article{pulch2013sensitivity,
title={Sensitivity analysis of linear dynamical systems in uncertainty quantification},
author={Pulch, Roland and Maten, E Jan W Ter and Augustin, Florian},
journal={Pamm},
volume={13},
number={1},
pages={507--508},
year={2013}}

@Book{bio,
author = {朱正威，赵占良等},
title = {普通高中课程标准实验教科书 生物1 必修 分子与细胞},
publisher = {人民教育出版社}
}

@Book{error,
author = {费业泰},
title = {误差理论与数据处理 第7版},
publisher = {机械工业出版社}
}

@Book{cosmobook,
author = {Steven Weinberg},
title = {宇宙学},
publisher = {中国科学技术大学出版社},
address={合肥}
}

@Book{structure,
author = {S. W. Hawking and G. F. R. Ellis},
title = {The Large Structure of Space-Time},
publisher = {Cambridge University Press},
}

@Book{fll,
author = {向守平，冯珑珑},
title = {宇宙大尺度结构的形成},
publisher = {中国科学技术出版社},
}

@Book{pybook,
author = {张若愚},
title = {Python科学计算},
publisher = {清华大学出版社},
}

@Book{pyanalysis,
author = {Wes McKinney},
title = {利用Python进行数据分析},
publisher = {机械工程出版社},
}

@Book{atom,
author = {杨福家},
title = {原子物理学},
edition = {2},
publisher = {高等教育出版社},
address={北京}
}

@Book{mpl,
author = {何元金，马兴坤},
title = {近代物理实验},
publisher = {清华大学出版社},
address={北京}
}

@Book{azgroup,
author = {Anthony Zee},
title = {Group Theory in a Nutshell for Physicists},
publisher = {Princeton University Press},
address={Princeton, NJ}
}

@Book{azqft,
author = {Anthony Zee},
title = {Quantum Field Theory in a Nutshell},
publisher = {Princeton University Press},
address={Princeton, NJ}
}

@Book{prob,
author = {龙永红},
title = {概率论与数理统计},
publisher = {高等教育出版社},
address={北京}
}

@Book{cmp,
author = {Marvin L. Cohen and Steven G. Louie},
title = {Fundamentals of Condensed Matter Physics},
publisher = {Cambridge University Press},
address={Cambridge},
year={2016}
}

@Book{ustcem,
author = {叶邦角},
title = {电磁学},
publisher = {中国科学技术出版社},
address = {合肥},
year = {2014}
}

@Book{ed,
author = {郭硕鸿},
title = {电动力学},
publisher = {高等教育出版社},
address = {北京},
}

@Book{atom,
author = {杨福家},
title = {原子物理学 第2版},
publisher = {高等教育出版社},
address={北京}
}

@Book{fey1,
author = {R. P. Feynman and R. B. Leighton and M. Sands},
title = {费恩曼物理学讲义},
volume = {I},
publisher = {上海科学技术出版社},
address={上海}
}

@Book{stat1,
author = {朗道，栗弗席兹},
title = {理论物理学教程 统计物理学I},
volume = {V},
publisher = {高等教育出版社},
address={北京}
}

@Book{them_phys,
author = {S. J. Blundell and K. M. Blundell},
title = {Concepts in Thermal Physics},
edition = {1},
publisher = {Cambridge University Press},
address={Oxford},
year={2014}
}

@Book{cmft,
author = {A. Altland and B. Simons},
title = {Condensed Matter Field Theory},
publisher = {Oxford University Press},
address={Cambridge}
}

@Book{qftga,
author = {Tom Lancaster and Stephen J. Blundell},
title = {Quantum Field Theory for the Gifted Amateur},
edition = {2},
publisher = {Oxford University Press},
address={Oxford}
}



@Book{tdstat,
author = {汪志诚},
title = {热力学·统计物理},
edition = {5}
publisher = {高等教育出版社},
address={北京}
}